@article{griffin2007caltech,
  title={Caltech-256 object category dataset},
  author={Griffin, Gregory and Holub, Alex and Perona, Pietro},
  year={2007},
  publisher={California Institute of Technology}
}

@article{caltech101,
  title={Learning generative visual models from few training examples: an incremental Bayesian approach tested on 101 object categories},
  author={L. Fei-Fei, R. Fergus and P. Perona.},
  year={2004},
  publisher={IEEE. CVPR 2004, Workshop on Generative-Model Based Vision.}
}

@InProceedings{parkhi12a,
  author       = "Parkhi, O. M. and Vedaldi, A. and Zisserman, A. and Jawahar, C.~V.",
  title        = "Cats and Dogs",
  booktitle    = "IEEE Conference on Computer Vision and Pattern Recognition",
  year         = "2012",
}
